
@PhdThesis{Jermann,
  author = 	 {C.Jermann},
  title = 	 {Résolution de contraintes géométriques par rigidification récursive et propagation d'intervalles},
  school = 	 {Université de Nice-SOPHIA ANTIPOLIS UFR SCIENCES},
  year = 	 {2002},
  key = 	 {},
  OPTtype = 	 {},
  OPTaddress = 	 {},
  month = 	 {Decembre},
  OPTnote = 	 {},
  OPTannote = 	 {}
}


@PhdThesis{Goualard,
  author = 	 {F.Goualard},
  title = 	 {Langage et environnements en programmation par contraintes d'intervalles},
  school = 	 {Université de Nantes},
  year = 	 {2000},
  OPTkey = 	 {},
  OPTtype = 	 {},
  OPTaddress = 	 {},
  month = 	 {Juillet},
  OPTnote = 	 {},
  OPTannote = 	 {}
}
@PhdThesis{Goldsztejn,
  author = 	 {A.GOLDSZTEJN},
  title = 	 {Déition et Applications des Extensions des Fonctions Réelles aux Intervalles Généralisés},
  school = 	 {Université de Nice-SOPHIA ANTIPOLIS UFR SCIENCES},
  year = 	 {2005},
  OPTkey = 	 {},
  OPTtype = 	 {},
  OPTaddress = 	 {},
  month = 	 {Novembre},
  OPTnote = 	 {},
  OPTannote = 	 {}
}


@PhdThesis{Schichl,
  author = 	 {Hermann Schichl},
  title = 	 {Mathematical Modeling and Global Optimization},
  school = 	 {University of Vienna},
  year = 	 {2003},
  OPTkey = 	 {},
  OPTtype = 	 {},
  OPTaddress = 	 {},
  month = 	 {November},
  OPTnote = 	 {},
  OPTannote = 	 {}
}

@InProceedings{Neumaier,
  author = 	 {Arnold Neumaier},
  title = 	 {Complete Search in Continuous Global Optimization and Constraint Satisfaction},
  OPTcrossref =  {},
  OPTkey = 	 {},
  booktitle = {Acta Numerica },
  OPTpages = 	 {},
  year = 	 {2004},
  editor = 	 {A. Iserles},
  OPTvolume = 	 {},
  OPTnumber = 	 {},
  OPTseries = 	 {},
  OPTaddress = 	 {},
  OPTmonth = 	 {},
  OPTorganization = {},
  OPTpublisher = {},
  OPTnote = 	 {},
  OPTannote = 	 {}
}

