@Misc{Realpaver,
  key = 	 {RealPaver},
  OPTauthor = 	 {},
  title = 	 {\href{http://pagesperso.lina.univ-nantes.fr/~granvilliers-l/realpaver/index.html}{Site web de Realpaver}},
  howpublished = {\url{http://pagesperso.lina.univ-nantes.fr/~granvilliers-l/realpaver/index.html}},
  OPTmonth = 	 {},
  OPTyear = 	 {},
  OPTnote = 	 {},
  OPTannote = 	 {}
}

