
@Book{linux,
  author = 	 {Dalheimer and Matthias and Kalle and Welsh and Matt},
 publisher = 	 {O'Reilly},
  title = 	 {Le système Linux},
  year = 	 {2006},
  volume = 	 {1},
  edition = 	 {5\up{ème} édition},
  
}

@Misc{SD,
  key = 	 {SD},
  author = 	 {Audrey Queudet},
  title = 	 {Linux pour le temps-réel},
  howpublished = {\url{http://www.google.com/url?sa=t&rct=j&q=os%20temps%20r%C3%A9el%20ordonnacement%20audrey&source=web&cd=1&ved=0CCYQFjAA&url=http%3A%2F%2Fpagesperso.lina.univ-nantes.fr%2Finfo%2Fperso%2Fpermanents%2Fqueudet%2Fdocs%2FModule_E4_Linux_Temps_Reel.pdf&ei=0ltJT7zHC82q8APEpYWZDg&usg=AFQjCNHoXlYj01u8FNg7cm0UIYWNG7K23A&cad=rja
}},
  OPTmonth = 	 {},
  OPTyear = 	 {},
  OPTnote = 	 {},
  OPTannote = 	 {}
}

@Book{stat,
  author = 	 {Malinvaud and Edmond},
  publisher = 	 {Dunod},
  title = 	 {Méthodes statistiques de l'économétrie},
  year = 	 {1929},
  edition = 	 {3\up{ème} édition},
}

@Book{Nutshell,
  author = 	 {E.Siever and A.Weber and S.Figgins and R.Love and A.Robbins },
  title = 	 {Linux in a Nutshell},
  publisher = 	 {O'Reilly Media},
  year = 	 {Juillet 2005},
  edition = 	 {5\up{ème} édition},
}


@Misc{wiki,
  key = 	 {WIKI},
  OPTauthor = 	 {},
  title = 	 {Wikipedia, the free encyclopedia},
  howpublished = {\url{http://fr.wikipedia.org/wiki/Liste_des_pays_et_territoires_par_superficie}},
  OPTmonth = 	 {},
  OPTyear = 	 {},
  OPTnote = 	 {},
  OPTannote = 	 {}
}
@Misc{kiwi,
  key = 	 {kiwi},
  OPTauthor = 	 {},
  title = 	 {Universidad Politécnica de Valencia},
  howpublished = {\url{http://www.gti-ia.upv.es/sma/tools/kiwi/}},
  OPTmonth = 	 {},
  OPTyear = 	 {},
  OPTnote = 	 {},
  OPTannote = 	 {}
}

@Misc{GNU,
  key = 	 {GNU},
  OPTauthor = 	 {},
  title = 	 {GNU, Operating System},
  howpublished = {\url{http://www.gnu.org/licenses/}},
  OPTmonth = 	 {},
  OPTyear = 	 {},
  OPTnote = 	 {},
  OPTannote = 	 {}
}
http://www.gnu.org/licenses/
