
@Misc{openCV,
  key = 	 {openCV},
  OPTauthor = 	 {},
  title = 	 {Open CV library},
  howpublished = {\url{http://opencv.willowgarage.com}},
  OPTmonth = 	 {},
  OPTyear = 	 {},
  OPTnote = 	 {},
  OPTannote = 	 {}
}


@Misc{restFB,
  key = 	 {restFB},
  OPTauthor = 	 {},
  title = 	 {RestFB library},
  howpublished = {\url{http://restfb.com/}},
  OPTmonth = 	 {},
  OPTyear = 	 {},
  OPTnote = 	 {},
  OPTannote = 	 {}
}


@Misc{jmf,
  key = 	 {jmf},
  OPTauthor = 	 {},
  title = 	 {JMF library},
  howpublished = {\url{http://www.oracle.com/technetwork/java/javase/samples-142467.html}},
  OPTmonth = 	 {},
  OPTyear = 	 {},
  OPTnote = 	 {},
  OPTannote = 	 {}
}
