

@Misc{Guttman,
  key = 	 {Guttman},
  author = 	 {Antonin Guttman},
  title = 	 {R-Trees: A Dynamic Index Structure for Spatial Searching},
  howpublished = {\url{http://www-db.deis.unibo.it/courses/SI-LS/papers/Gut84.pdf}},
  OPTmonth = 	 {},
  year = 	 {1984},
  OPTnote = 	 {},
  OPTannote = 	 {}
}

@Misc{wiki,
  key = 	 {wiki},
  author = 	 {Wikipedia},
  title = 	 {R-tree},
  howpublished = {\url{http://en.wikipedia.org/wiki/R-tree}},
  OPTmonth = 	 {},
  OPTyear = 	 {},
  OPTnote = 	 {},
  OPTannote = 	 {}
}


@Misc{PRTree,
  key = 	 {Performance},
  author = 	 {Lars Arge and Mark de Berg and Herman J.Haverkort and Ke Yi},
  title = 	 {The Priority R-Tree: A Practically Efficient
and Worst-Case Optimal R-Tree},
  howpublished = {\url{http://daimi.au.dk/~large/Papers/prtreesigmod04.pdf}},
  OPTmonth = 	 {},
  year = 	 {2004},
  OPTnote = 	 {},
  OPTannote = 	 {}
}

@Misc{wiki,
  key = 	 {wiki},
  author = 	 {Wikipedia},
  title = 	 {R-tree},
  howpublished = {\url{http://en.wikipedia.org/wiki/R-tree}},
  OPTmonth = 	 {},
  OPTyear = 	 {},
  OPTnote = 	 {},
  OPTannote = 	 {}
}


@Misc{PRTree,
  key = 	 {Performance},
  author = 	 {Lars Arge and Mark de Berg and Herman J.Haverkort and Ke Yi},
  title = 	 {The Priority R-Tree: A Practically Efficient
and Worst-Case Optimal R-Tree},
  howpublished = {\url{http://daimi.au.dk/~large/Papers/prtreesigmod04.pdf}},
  OPTmonth = 	 {},
  year = 	 {2004},
  OPTnote = 	 {},
  OPTannote = 	 {}
}



@Misc{Guttman,
  key = 	 {Guttman},
  author = 	 {Antonin Guttman},
  title = 	 {R-Trees: A Dynamic Index Structure for Spatial Searching},
  howpublished = {\url{http://www-db.deis.unibo.it/courses/SI-LS/papers/Gut84.pdf}},
  OPTmonth = 	 {},
  year = 	 {1984},
  OPTnote = 	 {},
  OPTannote = 	 {}
}

@Misc{wiki,
  key = 	 {wiki},
  author = 	 {Wikipedia},
  title = 	 {R-tree},
  howpublished = {\url{http://en.wikipedia.org/wiki/R-tree}},
  OPTmonth = 	 {},
  OPTyear = 	 {},
  OPTnote = 	 {},
  OPTannote = 	 {}
}


@Misc{PRTree,
  key = 	 {Performance},
  author = 	 {Lars Arge and Mark de Berg and Herman J.Haverkort and Ke Yi},
  title = 	 {The Priority R-Tree: A Practically Efficient
and Worst-Case Optimal R-Tree},
  howpublished = {\url{http://daimi.au.dk/~large/Papers/prtreesigmod04.pdf}},
  OPTmonth = 	 {},
  year = 	 {2004},
  OPTnote = 	 {},
  OPTannote = 	 {}
}

@Misc{wiki,
  key = 	 {wiki},
  author = 	 {Wikipedia},
  title = 	 {R-tree},
  howpublished = {\url{http://en.wikipedia.org/wiki/R-tree}},
  OPTmonth = 	 {},
  OPTyear = 	 {},
  OPTnote = 	 {},
  OPTannote = 	 {}
}


@Misc{PRTree,
  key = 	 {Performance},
  author = 	 {Lars Arge and Mark de Berg and Herman J.Haverkort and Ke Yi},
  title = 	 {The Priority R-Tree: A Practically Efficient
and Worst-Case Optimal R-Tree},
  howpublished = {\url{http://daimi.au.dk/~large/Papers/prtreesigmod04.pdf}},
  OPTmonth = 	 {},
  year = 	 {2004},
  OPTnote = 	 {},
  OPTannote = 	 {}
}

