@Misc{Realpaver,
  key = 	 {RealPaver},
  OPTauthor = 	 {},
  title = 	 {Site web de Realpaver},
  howpublished = {\url{http://pagesperso.lina.univ-nantes.fr/~granvilliers-l/realpaver/index.html}},
  OPTmonth = 	 {},
  OPTyear = 	 {},
  OPTnote = 	 {},
  OPTannote = 	 {}
}

@Misc{OPTI,
  key = 	 {OPTI},
  OPTauthor = 	 {},
  title = 	 {Page web de l'Ã©quipe OPTI sur le site du LINA},
  howpublished = {\url{http://www.lina.univ-nantes.fr/?-OPTI-.html}},
  OPTmonth = 	 {},
  OPTyear = 	 {},
  OPTnote = 	 {},
  OPTannote = 	 {}
}

@Misc{LINA,
  key = 	 {LINA},
  OPTauthor = 	 {},
  title = 	 {Site web du LINA},
  howpublished = {\url{http://www.lina.univ-nantes.fr/}},
  OPTmonth = 	 {},
  OPTyear = 	 {},
  OPTnote = 	 {},
  OPTannote = 	 {}
}

