@Misc{dichotomie,
  key = 	 {dichotomie},
  author = 	 {Wikipedia},
  title = 	 {\href{Dichotomie}{http://fr.wikipedia.org/wiki/Dichotomie}},
  OPThowpublished = {http://fr.wikipedia.org/wiki/Dichotomie},
  OPTmonth = 	 {},
  OPTyear = 	 {},
  OPTnote = 	 {},
  OPTannote = 	 {}
}

