
@Book{linux,
  author = 	 {Dalheimer, Matthias Kalle, Welsh , Matt},
  editor = 	 {O'Reilly},
  title = 	 {Le système Linux},
  year = 	 {2006},
  volume = 	 {1},
  edition = 	 {5\up{ème} édition},
  
}

}
@Book{stat,
  author = 	 {Malinvaud , Edmond},
  editor = 	 {Dunod},
  title = 	 {Méthodes statistiques de l'économétrie},
  year = 	 {1929},
  edition = 	 {3\up{ème} édition},
}



@Misc{wiki,
  OPTkey = 	 {},
  OPTauthor = 	 {},
  title = 	 {Wikipedia, the free encyclopedia},
  howpublished = {\url{http://fr.wikipedia.org/wiki/Liste_des_pays_et_territoires_par_superficie}},
  OPTmonth = 	 {},
  OPTyear = 	 {},
  OPTnote = 	 {},
  OPTannote = 	 {}
}

