@PhDThesis{ Jermann,
	author = "C.Jermann",
	title = "R{\'e}solution de contraintes g{\'e}om{\'e}triques par rigidification r{\'e}cursive et propagation d'intervalles",
	school = "Universit{\'e} de Nice-SOPHIA ANTIPOLIS UFR SCIENCES",
	year = "2002",
	key = "",
	OPTtype = "",
	OPTaddress = "",
	month = "Decembre",
	OPTnote = "",
	OPTannote = ""
}

@PhDThesis{ Goualard,
	author = "F.Goualard",
	title = "Langage et environnements en programmation par contraintes d'intervalles",
	school = "Universit{\'e} de Nantes",
	year = "2000",
	OPTkey = "",
	OPTtype = "",
	OPTaddress = "",
	month = "Juillet",
	OPTnote = "",
	OPTannote = ""
}

@PhDThesis{ Goldsztejn,
	author = "A.GOLDSZTEJN",
	title = "D{\'e}ition et Applications des Extensions des Fonctions R{\'e}elles aux Intervalles G{\'e}n{\'e}ralis{\'e}s",
	school = "Universit{\'e} de Nice-SOPHIA ANTIPOLIS UFR SCIENCES",
	year = "2005",
	OPTkey = "",
	OPTtype = "",
	OPTaddress = "",
	month = "Novembre",
	OPTnote = "",
	OPTannote = ""
}

@PhDThesis{ Schichl,
	author = "Hermann Schichl",
	title = "Mathematical Modeling and Global Optimization",
	school = "University of Vienna",
	year = "2003",
	OPTkey = "",
	OPTtype = "",
	OPTaddress = "",
	month = "November",
	OPTnote = "",
	OPTannote = ""
}

@InProceedings{ Neumaier,
	author = "Arnold Neumaier",
	title = "Complete Search in Continuous Global Optimization and Constraint Satisfaction",
	OPTcrossref = "",
	OPTkey = "",
	booktitle = "Acta Numerica ",
	OPTpages = "",
	year = "2004",
	editor = "A. Iserles",
	OPTvolume = "",
	OPTnumber = "",
	OPTseries = "",
	OPTaddress = "",
	OPTmonth = "",
	OPTorganization = "",
	OPTpublisher = "",
	OPTnote = "",
	OPTannote = ""
}

@Misc{Conditionnement,
  key = 	 {Conditionnement},
  author = 	 {Wikipédia},
  title = 	 {\href{http://fr.wikipedia.org/wiki/Conditionnement_(analyse_numérique)}{Conditionnement d'une matrice}},
  OPThowpublished = {\href{http://fr.wikipedia.org/wiki/Conditionnement_(analyse_numérique)}{Conditionnement}},
  OPTmonth = 	 {},
  OPTyear = 	 {},
  OPTnote = 	 {},
  OPTannote = 	 {}
}


